@techreport{gromping, 
 author={U. {Grömping}}, 
 title={South German Credit Data: Correcting a Widely Used Data Set.}, 
 year={2019},
 institution={Department II, Beuth University of Applied Sciences},
 address={4/2019, Reports in Mathematics, Physics and Chemistry, Berlin}, 
 month={4},
 url={http://www1.beuth-hochschule.de/FB_II/reports/Report-2019-004.pdf}
 }

@misc{uci,
author = "Dua, Dheeru and Graff, Casey",
year = "2017",
title = "{UCI} Machine Learning Repository",
url = "http://archive.ics.uci.edu/ml",
institution = "University of California, Irvine, School of Information and Computer Sciences" }

@misc{hofmann,
author = "H. Hofmann",
year = "1994",
title = "Statlog (German Credit Data) Data Set",
url = "https://archive.ics.uci.edu/ml/datasets/Statlog+%28German+Credit+Data%29"
}

@misc{dataset,
author = {U. {Grömping}},
year = "2020",
title = "South German Credit (UPDATE) Data Set",
url = "http://archive.ics.uci.edu/ml/datasets/South+German+Credit+%28UPDATE%29"
}

@misc{dm,
      title        = "Deutsche Mark",
      author       = "{Wikipedia, the free encyclopedia}",
      url = "https://en.wikipedia.org/wiki/Deutsche_Mark",
      note         = "Last edit: 2021-01-3 Accessed: 2021-01-10"
    }